@article{dat2020moduli,
  title={Moduli of Langlands parameters},
  author={Dat, Jean-Fran{\c{c}}ois and Helm, David and Kurinczuk, Robert and Moss, Gilbert},
  journal={arXiv preprint arXiv:2009.06708},
  year={2020}
}

@article{fargues2021geometrization,
  title={Geometrization of the local Langlands correspondence},
  author={Fargues, Laurent and Scholze, Peter},
  journal={arXiv preprint arXiv:2102.13459},
  year={2021}
}

@article{zhu2020coherent,
  title={Coherent sheaves on the stack of Langlands parameters},
  author={Zhu, Xinwen},
  journal={arXiv preprint arXiv:2008.02998},
  year={2020}
}

@article{bate2005geometric,
  title={A geometric approach to complete reducibility},
  author={Bate, Michael and Martin, Benjamin and R{\"o}hrle, Gerhard},
  journal={Inventiones mathematicae},
  volume={161},
  number={1},
  pages={177--218},
  year={2005},
  publisher={Springer}
}

@article{casselman2001group,
  title={The L-group},
  author={Casselman, Bill},
  journal={Adv. Studies in Pure Math},
  volume={30},
  pages={217--258},
  year={2001}
}

@incollection{serre1979galois,
  title={Galois cohomology},
  author={Serre, Jean-Pierre},
  booktitle={Local Fields},
  pages={150--163},
  year={1979},
  publisher={Springer}
}

@article{kevin2012unitary,
  title={Unitary groups: basic definitions.
},
  author={Kevin Buzzard},
  howpublished = {\url{https://www.ma.imperial.ac.uk/~buzzard/maths/research/notes/unitary_groups_basic_definitions.pdf}},
  year={2012}
}

@phdthesis{langworthy2015chevalley,
  title={Chevalley group schemes as varieties over the field of one element},
  author={Langworthy, Andrew},
  year={2015},
  school={University of Birmingham}
}

@article{fulman2012bounds,
  title={Bounds on the number and sizes of conjugacy classes in finite Chevalley groups with applications to derangements},
  author={Fulman, Jason and Guralnick, Robert},
  journal={Transactions of the American Mathematical Society},
  volume={364},
  number={6},
  pages={3023--3070},
  year={2012}
}

@article{kempf1978instability,
  title={Instability in invariant theory},
  author={Kempf, George R},
  journal={Annals of Mathematics},
  volume={108},
  number={2},
  pages={299--316},
  year={1978},
  publisher={JSTOR}
}

@article{Alex????galois,
  title={Galois groups of local and global fields},
  author={Alex Youcis},
  howpublished = {\url{https://alex-youcis.github.io/localglobalgalois.pdf}}
}